%Entries

@online{dis1,
  author = "Discord Inc.",
  year =         "2021",
  title =        "Discord",
  url =          "https://discord.com/",
  lastaccessed = "Januar 24, 2021",
}

@online{didoc1,
  author = "Discord Inc.",
  year =         "2021",
  title =        "Discord API Documentation",
  url =          "https://discord.com/developers/docs/intro",
  lastaccessed = "Januar 14, 2021",
}

@online{pcdoc1,
  author = "discord.py Contributors",
  year =         "2021",
  title =        "dicord.py Documentation",
  url =          "https://discordpy.readthedocs.io/en/latest/api.html",
  lastaccessed = "Januar 22, 2021",
}
@online{didev1,
  author = "Discord Inc.",
  year =         "2021",
  title =        "Discord Developer Portal",
  url =          "https://discord.com/developers/docs/topics/community-resources",
  lastaccessed = "Januar 20, 2021",
}
@online{disconutzer,
  author = "Discord Inc.",
  year =         "2021",
  title =        "Discord — Verkaufe dein Spiel auf Discord",
  url =          "https://discord.com/sell-your-game",
  lastaccessed = "Januar 24, 2021",
}
@online{discoliste,
  author = "Top.gg",
  year =         "2021",
  title =        "Discord Bot List",
  url =          "https://top.gg/",
  lastaccessed = "Januar 24, 2021",
}
@online{bot1,
  author = "Computer Emergency Response Team DV-Sicherheit an der Universität Stuttgart",
  year =         "2007",
  title =        "Bots und Botnetze",
  url =          "https://web.archive.org/web/20071027094303/http://cert.uni-stuttgart.de:80/doc/netsec/bots.php",
  lastaccessed = "Januar 17, 2021",
}
@online{bot2,
  author = "Dipl.-Ing. (FH) Stefan Luber",
  year =         "2020",
  title =        "Was ist ein Bot",
  url =          "https://www.security-insider.de/was-ist-ein-bot-a-893606/",
  lastaccessed = "Januar 17, 2021",
}
@online{rasbi0,
  author = "Raspberry Pi Foundation",
  year =         "2021",
  title =        "Raspberry Pi",
  url =          "https://www.raspberrypi.org/",
  lastaccessed = "Januar 24, 2021",
}

@online{rasbi1,
  author = "Antratek Embedded \& Media",
  year =         "2021",
  title =        "Raspberry Pi 4",
  url =          "https://www.antratek.de/raspberry-pi-4-model-b-2gb",
  lastaccessed = "Januar 18, 2021",
}

@online{rasbi2,
  author = "Dipl.-Ing. (FH) Stefan Luber",
  year =         "2017",
  title =        "Was ist Raspberry Pi",
  url =          "https://www.bigdata-insider.de/was-ist-raspberry-pi-a-670954/",
  lastaccessed = "Januar 18, 2021",
}
@online{rasbi3,
  author = "Elektronik Kompendium",
  year =         "2021",
  title =        "Raspberry Pi: Fernwartung und Remote-Desktop mit VNC, RDP und SSH",
  url =          "https://www.elektronik-kompendium.de/sites/raspberry-pi/2011101.htm",
  lastaccessed = "Januar 18, 2021",
}
@online{rasbi4,
  author = "Elektronik Kompendium",
  year =         "2021",
  title =        "Welches Betriebssystem für den Raspberry Pi?",
  url =          "https://www.elektronik-kompendium.de/sites/raspberry-pi/2109051",
  lastaccessed = "Januar 18, 2021",
}
@online{tele0,
  author = "Telegram FZ-LLC",
  year =         "2021",
  title =        "Telegram - ein neues Messaging-Zeitalter",
  url =          "https://telegram.org/",
  lastaccessed = "Januar 19, 2021",
}
@online{tele1,
  author = "Telegram FZ-LLC",
  year =         "2021",
  title =        "Telegram Bot API",
  url =          "https://core.telegram.org/bots/api",
  lastaccessed = "Januar 19, 2021",
}
@online{tele3,
  author = "python-telegram-bot Contributors",
  year =         "2021",
  title =        "python-telegram-bot Documentation",
  url =          "https://python-telegram-bot.org/",
  lastaccessed = "Januar 19, 2021",
}
@online{telenutzer,
  author = "Helen Bielawa",
  year =         "2021",
  title =        "Ansturm auf alternative Messenger: Telegram knackt 500 Millionen aktive Nutzer",
  url =          "https://t3n.de/news/ansturm-alternative-messenger-telegram-1349758/",
  lastaccessed = "Januar 19, 2021",
}
@online{beddisco,
  author = "Silvia Hühn",
  year =         "2021",
  title =        "Die besten Konferenzsysteme in Zeiten von Corona",
  url =          "https://www.ingenieur.de/karriere/arbeitsleben/alltag/die-besten-konferenzsysteme-in-zeiten-von-corona/",
  lastaccessed = "Januar 24, 2021",
}
@online{whydiscobots,
  author = "Meli Taylor",
  year =         "2020",
  title =        "How to Use Discord Bots",
  url =          "https://droplr.com/how-to/productivity-tools/how-to-use-discord-bots/",
  lastaccessed = "Januar 24, 2021",
}
@online{discover,
  author = "Christian Reifert",
  year =         "2020",
  title =        "Discord im Home-Office nutzen: Das müssen Sie wissen",
  url =          "https://praxistipps.chip.de/discord-im-home-office-nutzen-das-muessen-sie-wissen_119629",
  lastaccessed = "Januar 10, 2021",
}

@online{chatbot,
  author = "Karl-Fredrik Sagebiel",
  year =         "2020",
  title =        "Chatbots: Ein umfassender Leitfaden",
  url =          "https://blog.hubspot.de/service/chatbots-kundenservice",
  lastaccessed = "Januar 10, 2021",
}
@online{cloud,
  author = "JayMartMedia",
  year =         "2019",
  title =        "Hosting the Discord Bot on Google Cloud",
  url =          "https://www.youtube.com/watch?v=VEn70C7S5Q8%2F",
  lastaccessed = "Januar 08, 2021",
}
@online{rapho,
  author = "Patrick Fromaget",
  year =         "",
  title =        "How to Make a Discord Bot on Raspberry Pi?",
  url =          "https://raspberrytips.com/make-a-discord-bot-on-pi/",
  lastaccessed = "Januar 08, 2021",
}
@online{stropi,
  author = "Maximilian Batz",
  year =         "2019",
  title =        "Was kostet mich der Pi 4 an Strom im Jahr?",
  url = 		 "https://buyzero.de/blogs/news/was-kostet-mich-der-pi-4-an-strom-im-jahr-how-much-does-power-usage-cost-for-the-pi-4",
  lastaccessed = "Januar 08, 2021",
}
@online{berry,
  author = "BerryBase",
  year =         "2021",
  title =        "Raspberry Pi Kosten",
  url =          "https://www.berrybase.de/raspberry-pi-co/raspberry-pi/boards/",
  lastaccessed = "Januar 24, 2021",
}
@online{deta,
  author = "traumverloren",
  year =         "2021",
  title =        "Running and detaching your Raspberry Pi w/ Screen!",
  url =          "https://gist.github.com/traumverloren/3c7489b45efb5239393bf3a6a489bc9d",
  lastaccessed = "Januar 10, 2021",
}
@online{wa1,
  author = "Facebook Inc.",
  year =         "2021",
  title =        "Whats App Einfach. Sicher. Zuverlässiger Nachrichtenaustausch.",
  url =          "https://www.whatsapp.com/?lang=de",
  lastaccessed = "Januar 24, 2021",
}
@online{mee6,
  author = "MEE6",
  year =         "2021",
  title =        "Bau den besten Discord-Server!",
  url =          "https://mee6.xyz/",
  lastaccessed = "Januar 24, 2021",
}


